@article{criminalvshumint,
author = {Jacqueline R. Evans and Christian A. Meissner and Susan E. Brandon and Melissa B. Russano and Steve M. Kleinman},
title ={Criminal versus HUMINT Interrogations: The Importance of Psychological Science to Improving Interrogative Practice},
journal = {The Journal of Psychiatry \& Law},
volume = {38},
number = {1-2},
pages = {215-249},
year = {2010},
doi = {10.1177/009318531003800110},
URL = {https://doi.org/10.1177/009318531003800110},
}

@article{humintreports,
author = {Hecking, Matthias},
year = {2006},
month = {06},
pages = {40},
title = {Content Analysis of HUMINT Reports}
}

@article{socialengineeringvulnerabilites,
author = {Bakhshi, Taimur},
year = {2008},
month = {07},
pages = {},
title = {A Practical Assessment of Social Engineering Vulnerablities}
}

@book{socialengineeringeffectiveness,
author = {Bakhshi, Taimur and Papadaki, Maria},
year = {2006},
title = {Social Engineering Vulnerabilities},
publisher = {University of Plymouth},
volume = {6},
URL = {https://www.cscan.org/download/?id=671}
}

@misc{behaviourdetection,
title = {Personal traits analysis as
a means to predict Insiders},
author = {Kandias, Miltos and Stavrou, Vasilis},
year = {2015}
}

@article{socmintpublicsafety,
author = {Antonius, Nicky and Rich, L},
year = {2013},
month = {01},
pages = {42},
title = {Discovering collection and analysis techniques for social media to improve public safety},
volume = {3},
booktitle = {The International Technology Management Review}
}

@article{socmintoverview,
author = {Sir David Omand and Jamie Bartlett and Carl Miller},
title = {Introducing Social Media Intelligence (SOCMINT)},
journal = {Intelligence and National Security},
volume = {27},
number = {6},
pages = {801-823},
year  = {2012},
publisher = {Routledge},
doi = {10.1080/02684527.2012.716965},
URL = {https://doi.org/10.1080/02684527.2012.716965}
}

@book{osintstrategyimplementation,
author = {Akhgar, Babak and Bayerl, P. Saskia and Sampson, Fraser},
title = {Open Source Intelligence Investigation from Strategy to Implementation},
publisher = {Springer},
year = {2016}
}

@article{policesocmint,
author = {Michelle Kilburn and Laura Krieger},
title ={Policing in an Information Age: The Prevalence of State and Local Law Enforcement Agencies Utilising the World Wide Web to Connect with the Community},
journal = {International Journal of Police Science \& Management},
volume = {16},
number = {3},
pages = {221-227},
year = {2014},
doi = {10.1350/ijps.2014.16.3.341},
URL = {https://doi.org/10.1350/ijps.2014.16.3.341}
}

@misc{socmintpresentation,
title = {Social Media and Intelligence},
author = {Megan Levin},
year = {2015}
}

@techreport{socmintlitreview,
author = {Jamie Bartlett and Louis Reynolds},
title = {the state of the art 2015 a
literature review of social
media intelligence
capabilities for counter-
terrorism},
institution = {Centre for Analysis of Social Media},
year = {2015}
}

@techreport{gchqmasssurveillance,
author = {Javier Ruiz},
title = {GCHQ and Mass Surveillance},
institution = {Open Rights Group},
year = {2018}
}

@misc{prismslides,
title = {PRISM Slides},
author = {Unknown},
year = {2013},
howpublished = {Leaked to several newspapers by Edward Snowden in late 2013}
}

@article{article,
author = {Parmar, Bimal},
year = {2012},
month = {01},
pages = {8â€“11},
title = {Protecting against spear-phishing},
volume = {2012},
booktitle = {Computer Fraud & Security}
}

